@article{waheed2024empowering,
  title={Empowering data-driven load forecasting by leveraging long short-term memory recurrent neural networks},
  author={Waheed, Waqar and Wang, Xingxing and Wu, Jiayi and Khan, Atif Imtiaz},
  journal={Heliyon},
  volume={10},
  number={1},
  pages={e20165},
  year={2024},
  publisher={Elsevier}
}

@article{baur2024explainability,
  title={Explainability and interpretability in electric load forecasting using machine learning techniques–A review},
  author={Baur, Lukas and Kuhn, David and Schmutz, Samuel and Andersson, G{\"o}ran},
  journal={Energy and AI},
  volume={14},
  pages={100356},
  year={2024},
  publisher={Elsevier}
}

@article{ghiassi2006medium,
  title={Medium term system load forecasting with a dynamic artificial neural network model},
  author={Ghiassi, M and Zimbra, DK and Saidane, H},
  journal={Electric power systems research},
  volume={76},
  number={10},
  pages={835--846},
  year={2006},
  publisher={Elsevier}
}

@article{yin2023mid,
  title={Mid-to long-term electric load forecasting using data-driven models: A review},
  author={Yin, Rui and Huang, Yifan and Xie, Jun and Jin, Lisheng},
  journal={Renewable and Sustainable Energy Reviews},
  volume={176},
  pages={113196},
  year={2023},
  publisher={Elsevier}
}



@article{neubauer2025explainableb,
  title={Explainable multi-step heating load forecasting: Using SHAP values and temporal attention mechanisms for enhanced interpretability},
  author={Neubauer, Alexander and Hauer, Ines and Wilhelmer, David},
  journal={Energy and AI},
  volume={15},
  pages={100411},
  year={2025},
  publisher={Elsevier}
}

@article{wu2022shap,
  title={SHAP-based interpretation of LSTM for multi-task electricity load forecasting},
  author={Wu, Jiayi and Wang, Xingxing and Zhang, Hao and Li, Wei},
  journal={Protection and Control of Modern Power Systems},
  volume={7},
  number={1},
  pages={1--13},
  year={2022},
  publisher={Springer}
}

@article{zheng2023tcn,
  title={Multivariate energy forecasting using temporal convolutional networks with graph attention mechanisms and SHAP-based feature selection},
  author={Zheng, Long and Zhao, Ming and Hu, Xiaoyi},
  journal={Frontiers in Energy Research},
  volume={11},
  pages={1208502},
  year={2023},
  publisher={Frontiers}
}


@article{hasan2024limevshap,
  title={Comparative performance of LIME and SHAP for interpretability in energy forecasting models},
  author={Hasan, Mehedi and Rahman, Sifat},
  journal={Energy Engineering Journal},
  volume={131},
  number={2},
  pages={101--115},
  year={2024},
  publisher={Elsevier}
}

@article{zhou2025interpretable,
  title={An interpretable load forecasting framework integrating representation learning and Shapley values},
  author={Zhou, Yangze and Lin, Feng and Zhang, Yu and Gu, Zhenqiang},
  journal={arXiv preprint arXiv:2501.02241},
  year={2025}
}


@article{Oztornaci2025,
author = {Öztornaci, Burak and Ata, Baris and Kartal, Serkan},
year = {2024},
month = {06},
pages = {97-105},
title = {Analysing Household Food Consumption in Turkey Using Machine Learning Techniques},
volume = {16},
journal = {Agris on-line Papers in Economics and Informatics},
doi = {10.7160/aol.2024.160207}
}

@article{Deborah2024,
author = {Paul, Deborah and Moridpour, Sara and Venkatesan, Srikanth and Withanagamage, Nuwan},
year = {2024},
month = {02},
pages = {},
title = {Evaluating the pedestrian level of service for varying trip purposes using machine learning algorithms},
volume = {14},
journal = {Scientific Reports},
doi = {10.1038/s41598-024-53403-7}
}



@article{Barkous2023ACA,
  title={A Comprehensive Analysis of a Hybrid Deep Learning Model for Midterm Electric Load Forecasting},
  author={Hamdi Barkous and Manar Amayri and Nizar Bouguila},
  journal={2023 IEEE International Conference on High Performance Computing \& Communications, Data Science \& Systems, Smart City \& Dependability in Sensor, Cloud \& Big Data Systems \& Application (HPCC/DSS/SmartCity/DependSys)},
  year={2023},
  pages={795-800},
  url={https://api.semanticscholar.org/CorpusID:268704458}
}


@article{Lee2022SHAPVF,
  title={SHAP Value-Based Feature Importance Analysis for Short-Term Load Forecasting},
  author={Yong-Geon Lee and Jae-Young Oh and Dongsung Kim and Gibak Kim},
  journal={Journal of Electrical Engineering \& Technology},
  year={2022},
  volume={18},
  pages={579-588},
  url={https://api.semanticscholar.org/CorpusID:250573684}
}

@article{Li2022PowerLF,
  title={Power load forecasting and interpretable models based on GS\_XGBoost and SHAP},
  author={Mingming Li and Yulu Wang},
  journal={Journal of Physics: Conference Series},
  year={2022},
  volume={2195},
  url={https://api.semanticscholar.org/CorpusID:247080135}
}

@article{Oreshkin2020NBEATSNN,
  title={N-BEATS neural network for mid-term electricity load forecasting},
  author={Boris N. Oreshkin and Grzegorz Dudek and Paweł Pełka},
  journal={ArXiv},
  year={2020},
  volume={abs/2009.11961},
  url={https://api.semanticscholar.org/CorpusID:221950035}
}

@article{Kasprzyk2024EnhancedNF,
  title={Enhanced N-BEATS for Mid-Term Electricity Demand Forecasting},
  author={Mateusz Kasprzyk and Paweł Pełka and Boris N. Oreshkin and Grzegorz Dudek},
  journal={ArXiv},
  year={2024},
  volume={abs/2412.02722},
  url={https://api.semanticscholar.org/CorpusID:274464483}
}

@article{Peka2020PatternbasedLS,
  title={Pattern-based Long Short-term Memory for Mid-term Electrical Load Forecasting},
  author={Paweł Pełka and Grzegorz Dudek},
  journal={2020 International Joint Conference on Neural Networks (IJCNN)},
  year={2020},
  pages={1-8},
  url={https://api.semanticscholar.org/CorpusID:216144679}
}

@article{Zimmermann2024EfficientMF,
  title={Efficient mid-term forecasting of hourly electricity load using generalized additive models},
  author={Monika Zimmermann and Florian Ziel},
  journal={ArXiv},
  year={2024},
  volume={abs/2405.17070},
  url={https://api.semanticscholar.org/CorpusID:270063334}
}

@article{Wu2022AnEF,
  title={An explainable framework for load forecasting of a regional integrated energy system based on coupled features and multi-task learning},
  author={Kailan Wu and Jie Gu and Lu Meng and Honglin Wen and Jinghuan Ma},
  journal={Protection and Control of Modern Power Systems},
  year={2022},
  volume={7},
  url={https://api.semanticscholar.org/CorpusID:249680724}
}


@book{hastie2009elements,
  title={The Elements of Statistical Learning: Data Mining, Inference, and Prediction},
  author={Hastie, Trevor and Tibshirani, Robert and Friedman, Jerome},
  year={2009},
  publisher={Springer},
  edition={2nd}
}

@inproceedings{chen2016xgboost,
  title={XGBoost: A Scalable Tree Boosting System},
  author={Chen, Tianqi and Guestrin, Carlos},
  booktitle={Proceedings of the 22nd ACM SIGKDD International Conference on Knowledge Discovery and Data Mining},
  pages={785--794},
  year={2016}
}

@inproceedings{ke2017lightgbm,
  title={LightGBM: A Highly Efficient Gradient Boosting Decision Tree},
  author={Ke, Guolin and Meng, Qiqi and Finley, Thomas and Wang, Taifeng and Chen, Wei and Ma, Weidong and Ye, Qiwei and Liu, Tie-Yan},
  booktitle={Advances in Neural Information Processing Systems},
  pages={3146--3154},
  year={2017}
}

@article{hochreiter1997long,
  title={Long Short-Term Memory},
  author={Hochreiter, Sepp and Schmidhuber, Jürgen},
  journal={Neural Computation},
  volume={9},
  number={8},
  pages={1735--1780},
  year={1997}
}

@inproceedings{schuster1997bidirectional,
  title={Bidirectional recurrent neural networks},
  author={Schuster, Mike and Paliwal, Kuldip K},
  booktitle={IEEE Transactions on Signal Processing},
  volume={45},
  number={11},
  pages={2673--2681},
  year={1997}
}

@book{hyndman2018forecasting,
  title={Forecasting: Principles and Practice},
  author={Hyndman, Rob J and Athanasopoulos, George},
  year={2018},
  publisher={OTexts},
  edition={2nd}
}
